<record><leader>00000cas a22000007a 4500</leader><controlfield tag="001">59170626</controlfield><controlfield tag="008">050420d19992001tnuuu ne      0    0eng d</controlfield><datafield ind1=" " ind2=" " tag="010"><subfield code="a">sn2005062306</subfield></datafield><datafield ind1=" " ind2=" " tag="040"><subfield code="a">TGN</subfield><subfield code="b">eng</subfield><subfield code="c">TGN</subfield><subfield code="d">OCLCO</subfield></datafield><datafield ind1="1" ind2=" " tag="029"><subfield code="a">AU@</subfield><subfield code="b">000026994206</subfield></datafield><datafield ind1="0" ind2=" " tag="041"><subfield code="a">eng</subfield><subfield code="a">ara</subfield><subfield code="a">spa</subfield><subfield code="a">vie</subfield></datafield><datafield ind1=" " ind2=" " tag="042"><subfield code="a">msc</subfield></datafield><datafield ind1=" " ind2=" " tag="043"><subfield code="a">n-us-tn</subfield></datafield><datafield ind1="0" ind2="0" tag="245"><subfield code="a">First communications.</subfield></datafield><datafield ind1=" " ind2=" " tag="260"><subfield code="a">Memphis, Tenn. :</subfield><subfield code="b">The Madison Heights Neighborhood</subfield></datafield><datafield ind1=" " ind2=" " tag="300"><subfield code="a">v.</subfield></datafield><datafield ind1="0" ind2=" " tag="362"><subfield code="a">[Vol. 1 (May 1999)]-v. 3.</subfield></datafield><datafield ind1=" " ind2=" " tag="500"><subfield code="a">"Community news and outreach for the Madison Heights neighborhood."</subfield></datafield><datafield ind1=" " ind2=" " tag="500"><subfield code="a">"Made possible by a grant from the Community Foundation of Greater Memphis."</subfield></datafield><datafield ind1=" " ind2=" " tag="515"><subfield code="a">First issue lacks numbering and date; 3rd issue lacks date.</subfield></datafield><datafield ind1=" " ind2=" " tag="546"><subfield code="a">Text in English, Arabic, Spanish, and Vietnamese.</subfield></datafield><datafield ind1=" " ind2="0" tag="650"><subfield code="a">Community organization</subfield><subfield code="v">Newspapers.</subfield></datafield><datafield ind1=" " ind2="0" tag="651"><subfield code="a">Memphis (Tenn.)</subfield><subfield code="v">Newspapers.</subfield></datafield><datafield ind1=" " ind2="0" tag="650"><subfield code="a">Shelby County (Tenn.)</subfield><subfield code="v">Newspapers.</subfield></datafield><datafield ind1="2" ind2=" " tag="710"><subfield code="a">Community Foundation of Greater Memphis.</subfield></datafield><datafield ind1=" " ind2=" " tag="752"><subfield code="a">United States</subfield><subfield code="b">Tennessee</subfield><subfield code="c">Shelby</subfield><subfield code="d">Memphis.</subfield></datafield></record>